@StandardPaper{SAE,
author={{SAE}},
year={2014},
title={J1979 E/E Diagnostic Test Modes},
place={California},
publisher={SAE International},
}

@JournalArticle{Cabala,
author={{\v C}abala, M. and Gamec, J},
year={2012},
title={Wireless real-time vehicle monitoring based on android mobile device},
journal={Acta Electrotechnica et Informatica},
volume={12},
number={4},
pages={7-11},
}

@WebPage{FAQ,
author={{CARB}},
year={2015},
title={Frequently Asked Questions (FAQ) About On-Board Diagnostic II (OBD II) Systems},
available={http://www.arb.ca.gov/msprog/obdprog/obdfaq.htm},
accessed={30 Nov 2015},
}

@WebPage{ELM327,
author={{ELM Electronics Inc.}},
year={2014},
title={ELM327 AT Commands},
available={http://elmelectronics.com/ELM327/AT_Commands.pdf},
accessed={7 Sep 2015},
}

@WebPage{OSMarketShare,
author={{NetMarketShare}},
year={2016},
title={Operating system market share},
available={https://www.netmarketshare.com/operating-system-market-share.aspx?qprid=10&qpcustomd=0},
accessed={8 Apr 2016},
}

@InBook{Fowler,
author = {Fowler, M.},
title = {Patterns of enterprise application architecture},
publisher = {Addison-Wesley},
chapter = {1 'Layering'},
year = {2003},
OPTkey = {•},
OPTvolume = {•},
OPTnumber = {•},
OPTseries = {•},
OPTtype = {•},
address = {Boston},
OPTedition = {•},
OPTmonth = {•},
pages = {17-24},
OPTnote = {•},
OPTannote = {•}
}

@InBook{Denton,
author = {Denton, T.},
title = {Advanced automotive fault diagnosis},
publisher = {Routledge},
chapter = {5 'On-board diagnostics'},
year = {2006},
OPTkey = {•},
OPTvolume = {•},
OPTnumber = {•},
OPTseries = {•},
OPTtype = {•},
OPTaddress = {},
edition = {2nd},
OPTmonth = {•},
pages = {61-84},
OPTnote = {•},
OPTannote = {•}
}

@WebPage{MVVM,
author={{Likness, J.}},
year={2010},
title={Model-View-ViewModel (MVVM) Explained - CodeProject},
available={http://www.codeproject.com/Articles/100175/Model-View-ViewModel-MVVM-Explained},
accessed={30 Nov 2015},
}

@WebPage{Xamarin,
author={{Xamarin Inc.}},
year={2015},
title={Developer Center - Xamarin},
available={https://developer.xamarin.com},
accessed={30 Nov 2015},
}

@InBook{SAinP,
author = {{Bass, L., Clements, P., Kazman, R.}},
title = {Software Architecture In Practice},
publisher = {Addison-Wesley},
chapter = {4 'Understanding Quality Attributes'},
year = {2003},
OPTkey = {•},
OPTvolume = {•},
OPTnumber = {•},
OPTseries = {•},
OPTtype = {•},
address = {Boston},
edition = {2nd},
OPTmonth = {•},
OPTpages = {},
OPTnote = {•},
OPTannote = {•}
}

%\bibitem{SAinP} Bass, L., Clements, P., Kazman, R. (2003) Software Architecture In Practice, 2nd ed, Addison-Wesley: Boston.

@InProceedings{ReqEng,
author = {Nuseibeh, B. and Easterbrook, S.},
title = {Requirements engineering: a roadmap},
booktitle = {Proceedings of the Conference on the Future of Software Engineering},
OPTcrossref = {•},
OPTkey = {•},
OPTpages = {35-46},
year = {2000},
OPTeditor = {•},
OPTvolume = {•},
OPTnumber = {•},
OPTseries = {•},
OPTaddress = {},
OPTmonth = {May},
OPTorganization = {ACM},
OPTpublisher = {•},
OPTnote = {•},
OPTannote = {•}
}

@WebPage{Android,
author={{Google}},
year={2016},
title={Android Developers},
available={https://developer.android.com},
accessed={18 Jan 2016},
}

@WebPage{Heuristics,
author={{Nielsen Norman Group}},
year={2016},
title={10 Heuristics for User Interface Design: Article by Jakob Nielsen},
available={https://www.nngroup.com/articles/ten-usability-heuristics},
accessed={15 Feb 2016},
}

@WebPage{Win10Nums,
author={{Microsoft}},
year={2016},
title={Microsoft by the Numbers},
available={http://news.microsoft.com/bythenumbers/windows-ten},
accessed={7 Apr 2016},
}

@WebPage{CodeMetrics,
author={{MSDN}},
year={2016},
title={Code Metrics Values},
available={https://msdn.microsoft.com/en-us/library/bb385914.aspx?f=255&MSPPError=-2147217396},
accessed={9 Apr 2016},
}